<record><leader>00000cas a22000007a 4500</leader><controlfield tag="001">21615000</controlfield><controlfield tag="008">900529d19001906mouwr ne      0   a0eng d</controlfield><datafield ind1=" " ind2=" " tag="010"><subfield code="a">sn 90061782 </subfield></datafield><datafield ind1=" " ind2=" " tag="040"><subfield code="a">MQN</subfield><subfield code="b">eng</subfield><subfield code="c">MQN</subfield><subfield code="d">OCLCQ</subfield><subfield code="d">DLC</subfield><subfield code="d">MXM</subfield><subfield code="d">OCLCF</subfield><subfield code="d">DLC</subfield></datafield><datafield ind1=" " ind2=" " tag="012"><subfield code="l">a</subfield></datafield><datafield ind1="0" ind2=" " tag="022"><subfield code="a">2165-7238</subfield><subfield code="2">1</subfield></datafield><datafield ind1=" " ind2=" " tag="042"><subfield code="a">msc</subfield><subfield code="a">nsdp</subfield></datafield><datafield ind1=" " ind2=" " tag="043"><subfield code="a">n-us-mo</subfield></datafield><datafield ind1="0" ind2="0" tag="050"><subfield code="a">Newspaper</subfield></datafield><datafield ind1="1" ind2="0" tag="082"><subfield code="a">071</subfield><subfield code="2">23</subfield></datafield><datafield ind1="0" ind2=" " tag="130"><subfield code="a">Morgan County democrat (Versailles, Mo.)</subfield></datafield><datafield ind1=" " ind2="0" tag="222"><subfield code="a">Morgan County democrat (Versailles, Mo.)</subfield></datafield><datafield ind1="1" ind2="0" tag="245"><subfield code="a">Morgan County democrat.</subfield></datafield><datafield ind1=" " ind2=" " tag="260"><subfield code="a">Versailles, Mo. :</subfield><subfield code="b">Tillman &amp; Price,</subfield><subfield code="c">-1906.</subfield></datafield><datafield ind1=" " ind2=" " tag="300"><subfield code="a">v.</subfield></datafield><datafield ind1=" " ind2=" " tag="310"><subfield code="a">Weekly</subfield></datafield><datafield ind1="1" ind2=" " tag="362"><subfield code="a">Began in 1900?</subfield></datafield><datafield ind1="0" ind2=" " tag="362"><subfield code="a">-7th year, no. 33 (Aug. 17, 1906).</subfield></datafield><datafield ind1=" " ind2=" " tag="530"><subfield code="a">Archived issues are available in digital format as part of the Library of Congress Chronicling America online collection.</subfield></datafield><datafield ind1=" " ind2=" " tag="588"><subfield code="a">Description based on: 4th year, no. 28 (July 10, 1903).</subfield></datafield><datafield ind1=" " ind2="0" tag="651"><subfield code="a">Versailles (Mo.)</subfield><subfield code="v">Newspapers.</subfield></datafield><datafield ind1=" " ind2="0" tag="651"><subfield code="a">Morgan County (Mo.)</subfield><subfield code="v">Newspapers.</subfield></datafield><datafield ind1=" " ind2="7" tag="651"><subfield code="a">Missouri</subfield><subfield code="z">Morgan County.</subfield><subfield code="2">fast</subfield><subfield code="0">(OCoLC)fst01213025</subfield></datafield><datafield ind1=" " ind2="7" tag="651"><subfield code="a">Missouri</subfield><subfield code="z">Versailles.</subfield><subfield code="2">fast</subfield><subfield code="0">(OCoLC)fst01278465</subfield></datafield><datafield ind1=" " ind2="7" tag="655"><subfield code="a">Newspapers.</subfield><subfield code="2">fast</subfield><subfield code="0">(OCoLC)fst01423814</subfield></datafield><datafield ind1=" " ind2=" " tag="752"><subfield code="a">United States</subfield><subfield code="b">Missouri</subfield><subfield code="c">Morgan</subfield><subfield code="d">Versailles.</subfield></datafield><datafield ind1="0" ind2="0" tag="785"><subfield code="t">Morgan County republican (Versailles, Mo.)</subfield><subfield code="x">2165-7734</subfield><subfield code="w">(DLC)sn 90061783</subfield><subfield code="w">(OCoLC)21614992</subfield></datafield><datafield ind1="4" ind2="1" tag="856"><subfield code="u">http://www.loc.gov/chroniclingamerica/lccn/sn90061782/issues</subfield></datafield></record>